%%%%%%%%%%%%%%%%%%%%%%%%%%%%%%%%%%%%%%%%%%%%%%%%%%%%%%%%%%%%%%%%%%%%%%%%%%%%%%%
%% Descr:       Vorlage für Berichte der DHBW-Karlsruhe, BibTeX
%% Author:      Prof. Dr. Jürgen Vollmer, vollmer AT dhbw-karlsruhe.de
%% $Id: bericht.bib,v 1.10 2016/03/16 12:27:42 vollmer draft $
%% -*- coding: utf-8 -*-
%%%%%%%%%%%%%%%%%%%%%%%%%%%%%%%%%%%%%%%%%%%%%%%%%%%%%%%%%%%%%%%%%%%%%%%%%%%%%%%

%%%%
%%  declararion of abbreviations
%%%%
@STRING{addison		= "Addison-Wesley"}

%%%%%%%%%%%%%%%%%%%%%%%%%%%%%%%%%%%%%%%%%%%%%%%%%%%%%%%%%%%%%%%%%%%%%%%%%%%%%%%

@book{knuth.1984a,
  author    = {Knuth, Donald E.},
  title     = {The \TeX{}book},
  publisher = addison,
  year      = 1984
}

@inproceedings{sarwar2000analysis,
  title     = {Analysis of recommendation algorithms for e-commerce},
  author    = {George and Konstan, Sarwar, Badrul and Karypis, Joseph and Riedl, John},
  booktitle = {Proceedings of the 2nd ACM conference on Electronic commerce},
  pages     = {158--167},
  year      = {2000}
}


@article{bhattmongodb,
  title  = {MongoDB vs Redis: Critical Analysis and Comparison},
  author = {Bhatt, Preeti}
}

@misc{StudieBVDW,
  title   = {StudieBVDW Influencer},
  url     = {https://t3n.de/news/studie-5-folgt-beim-shoppen-1244810/},
  urldate = {2020-01-25}
}

@Inbook{Hugger2008,
author="Hugger, Kai-Uwe",
editor="Sander, Uwe
and von Gross, Friederike
and Hugger, Kai-Uwe",
title="Uses-and-Gratification-Approach und Nutzenansatz",
bookTitle="Handbuch Medienp{\"a}dagogik",
year="2008",
publisher="VS Verlag f{\"u}r Sozialwissenschaften",
address="Wiesbaden",
pages="173--178",
abstract="Beim Uses-and Gratification-Approach/Nutzenansatz handelt es sich weniger um eine in sich geschlossene Theorie, als vielmehr um eine Forschungsstrategie, die freilich zentrale theoretische Bezugspunkte aufweist. Der Ansatz ist vor allem Mitte der 1970er Jahre als Gegenmodell zur klassischen Medienwirkungsforschung entwickelt worden. W{\"a}hrend letztere fragt „Was machen die Medien mit den Menschen?``, fragt der Uses-and Gratification-Approach/Nutzenansatz „Was machen die Menschen mit den Medien?`` Damit wird die am behavioristischen Denken orientierte Annahme eines medienzentriert und linear verlaufenden Prozesses von Massenkommunikation kritisiert und stattdessen gefordert, das zielorientierte und intentionale Handeln des aktiven Rezipienten zentral in den Blick zu nehmen, um Medienwirkung ad{\"a}quat abzubilden.",
isbn="978-3-531-91158-8",
doi="10.1007/978-3-531-91158-8_22",
url="https://doi.org/10.1007/978-3-531-91158-8_22"
}

@article{verma2012transform,
  title={How to transform consumers into fans of your brand},
  author={Verma, Rohit and Jahn, Benedikt and Kunz, Werner},
  journal={Journal of Service Management},
  year={2012},
  publisher={Emerald Group Publishing Limited}
}

%%%%%%%%%%%%%%%%%%%%%%%%%%%%%%%%%%%%%%%%%%%%%%%%%%%%%%%%%%%%%%%%%%%%%%%%%%%%%%%

% Referenzieren von URL's

%%%%%%%%%%%%%%%%%%%%%%%%%%%%%%%%%%%%%%%%%%%%%%%%%%%%%%%%%%%%%%%%%%%%%%%%%%%%%%%